<record><leader>00000cas a22000007a 4500</leader><controlfield tag="001">10804238</controlfield><controlfield tag="008">840604d18401854njuwr ne      0    0eng  </controlfield><datafield ind1=" " ind2=" " tag="010"><subfield code="a">sn 84020448 </subfield></datafield><datafield ind1=" " ind2=" " tag="040"><subfield code="a">DLC</subfield><subfield code="b">eng</subfield><subfield code="c">DLC</subfield><subfield code="d">NPX</subfield><subfield code="d">NPA</subfield><subfield code="d">NJW</subfield><subfield code="d">NVK</subfield><subfield code="d">DLC</subfield><subfield code="d">OCL</subfield><subfield code="d">OCLCQ</subfield><subfield code="d">DLC</subfield><subfield code="d">OCLCQ</subfield><subfield code="d">OCLCO</subfield><subfield code="d">OCLCQ</subfield><subfield code="d">OCLCA</subfield><subfield code="d">OCLCF</subfield></datafield><datafield ind1="1" ind2=" " tag="029"><subfield code="a">AU@</subfield><subfield code="b">000026221863</subfield></datafield><datafield ind1=" " ind2=" " tag="042"><subfield code="a">msc</subfield></datafield><datafield ind1=" " ind2=" " tag="043"><subfield code="a">n-us-nj</subfield></datafield><datafield ind1="0" ind2="0" tag="050"><subfield code="a">Newspaper</subfield></datafield><datafield ind1="0" ind2="0" tag="245"><subfield code="a">Monmouth Democrat, and farmers' and workingmens' advocate.</subfield></datafield><datafield ind1="3" ind2="0" tag="246"><subfield code="a">Monmouth Democrat, and farmer's and workingman's advocate</subfield></datafield><datafield ind1=" " ind2=" " tag="260"><subfield code="a">Freehold, N.J. :</subfield><subfield code="b">Bernard Connolly,</subfield><subfield code="c">-1854.</subfield></datafield><datafield ind1=" " ind2=" " tag="300"><subfield code="a">v. :</subfield><subfield code="b">ill. (chiefly advertisements) ;</subfield><subfield code="c">68 cm.</subfield></datafield><datafield ind1=" " ind2=" " tag="310"><subfield code="a">Weekly</subfield></datafield><datafield ind1="0" ind2=" " tag="362"><subfield code="a">-v. 19, no. 1115 (Jan. 12, 1854).</subfield></datafield><datafield ind1="1" ind2=" " tag="362"><subfield code="a">Began in 1840.</subfield><subfield code="z">Cf. Direct. of N.J. newspapers, 1765-1970.</subfield></datafield><datafield ind1=" " ind2=" " tag="500"><subfield code="a">Published as: Monmouth Democrat, and farmer's and workingman's advocate, &lt;1844&gt;-1854.</subfield></datafield><datafield ind1=" " ind2=" " tag="500"><subfield code="a">Published by James S. Yard, Jan. 5-12, 1854.</subfield></datafield><datafield ind1=" " ind2=" " tag="500"><subfield code="a">Editors: Bernard Connolly, 1840-1853; James S. Yard, 1854.</subfield></datafield><datafield ind1=" " ind2=" " tag="500"><subfield code="a">"Democratic."</subfield></datafield><datafield ind1=" " ind2=" " tag="530"><subfield code="a">Also issued on microfilm by the New Jersey State Library, Dept. of Education.</subfield></datafield><datafield ind1=" " ind2=" " tag="588"><subfield code="a">Description based on: Vol. 9, no. 420 (June 2, 1842).</subfield></datafield><datafield ind1=" " ind2="0" tag="651"><subfield code="a">Freehold (N.J.)</subfield><subfield code="v">Newspapers.</subfield></datafield><datafield ind1=" " ind2="7" tag="655"><subfield code="a">Newspapers.</subfield><subfield code="2">fast</subfield><subfield code="0">(OCoLC)fst01423814</subfield></datafield><datafield ind1=" " ind2="7" tag="651"><subfield code="a">New Jersey</subfield><subfield code="z">Freehold.</subfield><subfield code="2">fast</subfield><subfield code="0">(OCoLC)fst01220041</subfield></datafield><datafield ind1=" " ind2=" " tag="752"><subfield code="a">United States</subfield><subfield code="b">New Jersey</subfield><subfield code="c">Monmouth</subfield><subfield code="d">Freehold.</subfield></datafield><datafield ind1="0" ind2="0" tag="780"><subfield code="t">Monmouth Democrat (Freehold, N.J. : 1834)</subfield><subfield code="w">(DLC)sn 85035788</subfield><subfield code="w">(OCoLC)12193328</subfield></datafield><datafield ind1="0" ind2="0" tag="785"><subfield code="t">Monmouth Democrat (Freehold, N.J. : 1854)</subfield><subfield code="w">(DLC)sn 83032306</subfield><subfield code="w">(OCoLC)10249909</subfield></datafield></record>